<record><leader>00000cas a22000007a 4500</leader><controlfield tag="001">10262383</controlfield><controlfield tag="008">840104d19531958pauwr ne      0    0eng d</controlfield><datafield ind1=" " ind2=" " tag="010"><subfield code="a">sn 84026010 </subfield></datafield><datafield ind1=" " ind2=" " tag="040"><subfield code="a">NPU</subfield><subfield code="b">eng</subfield><subfield code="c">NPU</subfield><subfield code="d">NPH</subfield><subfield code="d">OCLCQ</subfield></datafield><datafield ind1=" " ind2=" " tag="042"><subfield code="a">msc</subfield></datafield><datafield ind1="0" ind2=" " tag="130"><subfield code="a">New Hope gazette (New Hope, Pa. : 1953)</subfield></datafield><datafield ind1="1" ind2="4" tag="245"><subfield code="a">The New Hope gazette.</subfield></datafield><datafield ind1="1" ind2="7" tag="246"><subfield code="a">Gazette</subfield></datafield><datafield ind1=" " ind2=" " tag="260"><subfield code="a">New Hope, Penna. :</subfield><subfield code="b">Allan Ward,</subfield><subfield code="c">1953-1958.</subfield></datafield><datafield ind1=" " ind2=" " tag="300"><subfield code="a">v. :</subfield><subfield code="b">ill. ;</subfield><subfield code="c">32 cm.</subfield></datafield><datafield ind1=" " ind2=" " tag="310"><subfield code="a">Weekly</subfield></datafield><datafield ind1="0" ind2=" " tag="362"><subfield code="a">Sixth yr., no. 23 (June 4, 1953)-10th yr., no. 28 (July 10, 1958).</subfield></datafield><datafield ind1=" " ind2=" " tag="752"><subfield code="a">United States</subfield><subfield code="b">Pennsylvania</subfield><subfield code="c">Bucks</subfield><subfield code="d">New Hope.</subfield></datafield><datafield ind1="0" ind2="0" tag="780"><subfield code="t">Gazette (New Hope, Pa.)</subfield><subfield code="w">(DLC)sn 89077211</subfield></datafield><datafield ind1="0" ind2="0" tag="785"><subfield code="t">Bucks County gazette (New Hope, Pa.)</subfield><subfield code="w">(DLC)sn 90069048</subfield></datafield></record>